%****************************************************************
% Article
%****************************************************************
@article{tuttle.virtual-globes.2008,
  title={Virtual globes: an overview of their history, uses, and future challenges},
  author={Tuttle, Benjamin T and Anderson, Sharolyn and Huff, Russell},
  journal={Geography Compass},
  volume={2},
  number={5},
  pages={1478--1505},
  year={2008},
  publisher={Wiley Online Library}
}

@article{mazuryk.vr.1996,
  title={Virtual reality-history, applications, technology and future},
  author={Mazuryk, Tomasz and Gervautz, Michael},
  year={1996},
  publisher={Citeseer}
}

@article{blower.sharing-visualizing.2007,
  title={Sharing and visualizing environmental data using Virtual Globes},
  author={Blower, Jonathan David and Gemmell, Alastair and Haines, Keith and Kirsch, Peter and Cunningham, Nathan and Fleming, Andrew and Lowry, Roy},
  year={2007}
}

@article{huang.java-cgi-vr.2002,
  title={A Java/CGI approach to developing a geographic virtual reality toolkit on the Internet},
  author={Huang, Bo and Lin, Hui},
  journal={Computers \& Geosciences},
  volume={28},
  number={1},
  pages={13--19},
  year={2002},
  publisher={Elsevier}
}

@article{butler.vg.2006,
  title={Virtual globes: The web-wide world},
  author={Butler, Declan},
  journal={Nature},
  volume={439},
  number={7078},
  pages={776--778},
  year={2006},
  publisher={Nature Publishing Group}
}

@article{nourbakhsh.mapping-disaster-zones.2006,
  title={Mapping disaster zones},
  author={Nourbakhsh, Illah and Sargent, Randy and Wright, Anne and Cramer, Kathryn and McClendon, Brian and Jones, Michael},
  journal={Nature},
  volume={439},
  number={7078},
  pages={787--788},
  year={2006},
  publisher={Nature Publishing Group}
}

@article{rhyne.virtual.1997,
  title={Going virtual with geographic information and scientific visualization},
  author={Rhyne, Theresa Marie},
  journal={Computers \& Geosciences},
  volume={23},
  number={4},
  pages={489--491},
  year={1997},
  publisher={Elsevier}
}

@article{ribarsky.vr.1994,
  title={Visualization and analysis using virtual reality},
  author={Ribarsky, William and Bolter, Jay and den Bosch, A Op and Van Teylingen, Ron},
  journal={IEEE Computer Graphics and Applications},
  volume={14},
  number={1},
  pages={10--12},
  year={1994},
  publisher={IEEE}
}

%****************************************************************
% Inproceedings
%****************************************************************
@inproceedings{williams.ray-box.2005,
  title={An efficient and robust ray-box intersection algorithm},
  author={Williams, Amy and Barrus, Steve and Morley, R Keith and Shirley, Peter},
  booktitle={ACM SIGGRAPH 2005 Courses},
  pages={9},
  year={2005},
  organization={ACM},
  url = {http://dl.acm.org/citation.cfm?id=1198748}
}

@inproceedings{koller.virtual-gis.1995,
  title={Virtual GIS: A real-time 3D geographic information system},
  author={Koller, David and Lindstrom, Peter and Ribarsky, William and Hodges, Larry F and Faust, Nick and Turner, Gregory},
  booktitle={Proceedings of the 6th conference on Visualization'95},
  pages={94},
  year={1995},
  organization={IEEE Computer Society}
}

@inproceedings{rhyne.visualization-gis.1994,
  title={Visualization and geographic information system integration: What are the needs and the requirements, if any?},
  author={Rhyne, Theresa Marie and Ivey, William and Knapp, Loey and Kochevar, Peter and Mace, Tom},
  booktitle={Visualization, 1994., Visualization'94, Proceedings., IEEE Conference on},
  pages={400--403},
  year={1994},
  organization={IEEE}
}

%****************************************************************
% Online
%****************************************************************

%**************************************** Google
@online{google.spatial-audio.2016,
  title = {Spatial Audio},
  author = {Google},
  year = {2016},
  url = {https://developers.google.com/vr/concepts/spatial-audio}
}

@online{google.sensor-fusion.2010,
  title = {Sensor Fusion on Android Devices: A Revolution in Motion Processing},
  author = {Google},
  year = {2010},
  url = {https://www.youtube.com/watch?v=C7JQ7Rpwn2k&feature=youtu.be&t=23m21s}
}

@online{google.vr-sdk.2016,
  title = {Google VR SDK for Android},
  author = {Google},
  year = {2016},
  url = {https://developers.google.com/vr/android/}
}

@online{google.cardboard.2016,
  title = {Google Cardboard},
  author = {Google},
  year = {2016},
  url = {https://vr.google.com/cardboard/}
}

@online{google.opengles.2016,
  title = {OpenGL ES},
  author = {Google},
  year = {2016},
  url = {https://developer.android.com/guide/topics/graphics/opengl.html}
}

@online{google.kml.2016,
  title = {Keyhole Markup Language},
  author = {Google},
  year = {2016 },
  url = {https://developers.google.com/kml/}
}

@online{google.code-kml.2016,
  title = {Android Maps Utils},
  author = {Google},
  year = {2016 },
  url = {https://github.com/googlemaps/android-maps-utils/tree/master/library/src/com/google/maps/android/kml}
}

@online{google.golang.2016,
  title = {The Go Programming Language},
  author = {Google},
  year = {2016},
  url = {https://golang.org/}
}

@online{google.talk-golang.2012,
  title = {Go at Google: Language Design in the Service of Software Engineering},
  author = {Google},
  year = {2012},
  url = {https://talks.golang.org/2012/splash.article}
}

@online{google.volley.2016,
  title = {Transmitting Network Data Using Volley},
  author = {Google},
  year = {2016},
  url = {https://developer.android.com/training/volley/index.html}
}

@online{google.aar-format.2016,
  title = {AAR Format},
  author = {Google},
  year = {2016},
  url = {http://tools.android.com/tech-docs/new-build-system/aar-format}
}

%**************************************** Wikipedia
@online{wiki.icosahedron-rectangles.2006,
  title = {Icosahedron Golden Rectangles},
  author = {Wikipedia},
  year = {2006},
  url = {https://commons.wikimedia.org/wiki/File:Icosahedron-golden-rectangles.svg}
}

@online{wiki.geographic-coordinate-system.2016,
  title = {Geographic coordinate system},
  author = {Wikipedia},
  year = {2016},
  url = {https://en.wikipedia.org/wiki/Geographic_coordinate_system}
}

@online{wiki.ecef.2016,
  title = {ECEF},
  author = {Wikipedia},
  year = {2016},
  url = {https://en.wikipedia.org/wiki/ECEF}
}

@online{wiki.api.2016,
  title = {API},
  author = {Wikipedia},
  year = {2016},
  url = {https://www.mediawiki.org/wiki/API:Opensearch}
}

@online{wiki.obj.2016,
  title = {Wavefront OBJ File},
  author = {Wikipedia},
  year = {2016},
  url = {https://en.wikipedia.org/wiki/Wavefront_.obj_file}
}

@online{wiki.vrml.2016,
  title = {VRML},
  author = {Wikipedia},
  year = {2016},
  url = {https://en.wikipedia.org/wiki/VRML}
}

@online{wiki.www.2016,
  title = {World Wide Web},
  author = {Wikipedia},
  year = {2016},
  url = {https://en.wikipedia.org/wiki/World_Wide_Web}
}

@online{wiki.x3d.2016,
  title = {X3D},
  author = {Wikipedia},
  year = {2016},
  url = {https://en.wikipedia.org/wiki/X3D}
}

%**************************************** Others
@online{tavian.ray-box-2d.2011,
  title = {FAST, BRANCHLESS RAY/BOUNDING BOX INTERSECTIONS},
  author = {Tavian Barnes},
  year = {2011},
  url = {https://tavianator.com/fast-branchless-raybounding-box-intersections}
}

@online{scratchapixel.ray-plane-3d,
  title = {Ray-Box Intersection},
  author = {Scratchapixel},
  year = {2014},
  url = {http://www.scratchapixel.com/lessons/3d-basic-rendering/minimal-ray-tracer-rendering-simple-shapes/ray-box-intersection}
}

@online{ublox.datum.1999,
  title = {Datum Transformations of GPS Positions},
  author = {Ublox},
  year = {1999},
  url = {http://www.nalresearch.com/files/Standard%20Modems/A3LA-XG/A3LA-XG%20SW%20Version%201.0.0/GPS%20Technical%20Documents/GPS.G1-X-00006%20(Datum%20Transformations).pdf}
}

@online{jvv.quaternions.2013,
  title = {Understanding Quaternions},
  author = {Jim Van Verth},
  year = {2013},
  url = {http://www.essentialmath.com/GDC2013/GDC13_quaternions_final.pdf}
}

@online{mathworks.quaternion-rotation.2016,
  title = {Quaternion Rotation},
  author = {Mathworks},
  year = {2016 },
  url = {http://au.mathworks.com/help/aeroblks/quaternionrotation.html}
}

@online{ts.space-partitioning.2010,
  title = {Space Partitioning},
  author = {Todd Seiler},
  year = {2010 },
  url = {http://gamedev.stackexchange.com/questions/5493/whats-the-state-of-the-art-in-space-partitioning-for-games}
}

@online{nils.space-partitioning.2008,
  title = {Space Partitioning},
  author = {Nils Pipenbrinck},
  year = {2008 },
  url = {http://stackoverflow.com/questions/99796/when-to-use-binary-space-partitioning-quadtree-octree}
}

@online{td.octree-bvh.2012,
  title = {Space Partitioning: Octree vs. BVH},
  author = {Thomas Diewald},
  year = {2012 },
  url = {http://thomasdiewald.com/blog/?p=1488}
}

@online{joup.2016,
  title = {Jsoup: Java HTML Parser},
  author = {Jsoup},
  year = {2016},
  url = {https://jsoup.org/}
}

@online{ogp.2014,
  title = {The Open Graph protocol},
  author = {OGP},
  year = {2014},
  url = {http://ogp.me/}
}

@online{ogc.2016,
  title = {Open Geospatial Consortium},
  author = {OGC},
  year = {2016},
  url = {http://www.opengeospatial.org/}
}

@online{blender.2016,
  title = {Open Source 3D creation},
  author = {Blender},
  year = {2016},
  url = {https://www.blender.org/}
}

@online{shen.obj-parser.2011,
  title = {Guidance to write a parser for .Obj and mtl file},
  author = {Shen, Han Wei},
  year = {2011},
  url = {http://web.cse.ohio-state.edu/~hwshen/581/Site/Lab3_files/Labhelp_Obj_parser.htm}
}

@online{tony.global-smartphone-market.2015,
  title = {The Global Smartphone Market Report},
  author = {Tony Danova},
  year = {2015},
  url = {http://www.businessinsider.com.au/global-smartphone-market-forecast-vendor-platform-growth-2015-6?r=US&IR=T}
}

@online{idc.smartphone-os-market-share.2016,
  title = {Smartphone OS Market Share},
  author = {IDC},
  year = {2016},
  url = {http://www.idc.com/prodserv/smartphone-os-market-share.jsp}
}

@online{earthslot.2016,
  title = {Earth Maps \& World Geography},
  author = {Earthslot},
  year = {2016},
  url = {http://www.earthslot.org/}
}

@online{nuernberger.vr-classroom.2006,
  title = {Virtual Globes in the classroom},
  author = {Nuernberger, Andrea},
  year = {2006},
  url = {http://www.csiss.org/SPACE/resources/virtual-globes.php#GISdata}
}

@online{nasa.world-wind.2016,
  title = {NASA World Wind},
  author = {NASA},
  year = {2016},
  url = {https://worldwind.arc.nasa.gov/}
}

@online{esri.arcgis-explorer.2016,
  title = {Explorer for ArcGIS},
  author = {Esri},
  year = {2016},
  url = {http://www.esri.com/software/arcgis/explorer}
}

@online{antoine.go-json-rest.2016,
  title = {Go Json Rest},
  author = {Antoine Imbert},
  year = {2016},
  url = {https://github.com/ant0ine/go-json-rest}
}

@online{user3146587.ray-plane.2014,
  title = {3D Ray-Quad intersection},
  author = {User3146587},
  year = {2014},
  url = {http://stackoverflow.com/questions/21114796/3d-ray-quad-intersection-test-in-java}
}

%****************************************************************
%****************************************************************
