%****************************************************************
% Article
%****************************************************************
@article{tuttle.virtual-globes.2008,
  title={Virtual globes: an overview of their history, uses, and future challenges},
  author={Tuttle, Benjamin T and Anderson, Sharolyn and Huff, Russell},
  journal={Geography Compass},
  volume={2},
  number={5},
  pages={1478--1505},
  year={2008},
  publisher={Wiley Online Library}
}

@article{mazuryk.virtual-reality.1996,
  title={Virtual reality-history, applications, technology and future},
  author={Mazuryk, Tomasz and Gervautz, Michael},
  year={1996},
  publisher={Citeseer}
}

@article{blower.sharing-visualizing.2007,
  title={Sharing and visualizing environmental data using Virtual Globes},
  author={Blower, Jonathan David and Gemmell, Alastair and Haines, Keith and Kirsch, Peter and Cunningham, Nathan and Fleming, Andrew and Lowry, Roy},
  year={2007}
}

%****************************************************************
% Article
%****************************************************************
@inproceedings{Williams.ray-box.2005,
  title={An efficient and robust ray-box intersection algorithm},
  author={Williams, Amy and Barrus, Steve and Morley, R Keith and Shirley, Peter},
  booktitle={ACM SIGGRAPH 2005 Courses},
  pages={9},
  year={2005},
  organization={ACM},
  Url = {http://dl.acm.org/citation.cfm?id=1198748}
}

%****************************************************************
% Online
%****************************************************************
@online{Tavian.ray-box-2d.2011,
  title = {FAST, BRANCHLESS RAY/BOUNDING BOX INTERSECTIONS},
  author = {Tavian Barnes},
  year = {2011},
  url = {https://tavianator.com/fast-branchless-raybounding-box-intersections}
}

@online{scratchapixel.ray-plane-3d,
  title = {Ray-Box Intersection},
  author = {Scratchapixel},
  year = {2014},
  url = {http://www.scratchapixel.com/lessons/3d-basic-rendering/minimal-ray-tracer-rendering-simple-shapes/ray-box-intersection}
}

@online{stackoverflow.ray-plane.2014,
  author = {user3146587},
  year = {2014},
  url = {http://stackoverflow.com/questions/21114796/3d-ray-quad-intersection-test-in-java}
}

@online{GoogleTechTalks.sensor-fusion.2010,
  title = {Sensor Fusion on Android Devices: A Revolution in Motion Processing},
  author = {GoogleTechTalks},
  year = {2010},
  url = {https://www.youtube.com/watch?v=C7JQ7Rpwn2k&feature=youtu.be&t=23m21s}
}

@online{Google.VR-SDK.2016,
  title = {Google VR SDK for Android},
  author = {Google},
  year = {2016},
  url = {https://developers.google.com/vr/android/}
}

@online{wiki.icosahedron-rectangles.2006,
  title = {Icosahedron Golden Rectangles},
  author = {Fropuff, Mysid},
  year = {2006},
  url = {https://commons.wikimedia.org/wiki/File:Icosahedron-golden-rectangles.svg}
}

@online{wiki.geographic-coordinate-system.2016,
  title = {Geographic coordinate system},
  author = {Wikipedia},
  year = {2016},
  url = {https://en.wikipedia.org/wiki/Geographic_coordinate_system}
}

@online{wiki.ecef.2016,
  title = {ECEF},
  author = {Wikipedia},
  year = {2016},
  url = {https://en.wikipedia.org/wiki/ECEF}
}

@online{u-blox.datum.1999,
  title = {Datum Transformations of GPS Positions},
  author = {u-blox},
  year = {1999},
  url = {http://www.nalresearch.com/files/Standard%20Modems/A3LA-XG/A3LA-XG%20SW%20Version%201.0.0/GPS%20Technical%20Documents/GPS.G1-X-00006%20(Datum%20Transformations).pdf}
}

@online{wiki.api.2016,
  title = {API},
  author = {Wikipedia},
  year = {2016},
  url = {https://www.mediawiki.org/wiki/API:Opensearch}
}

@online{joup.2016,
  title = {jsoup: Java HTML Parser},
  author = {jsoup},
  year = {2016},
  url = {https://jsoup.org/}
}

@online{ogp.2014,
  title = {The Open Graph protocol},
  author = {ogp},
  year = {2014},
  url = {http://ogp.me/}
}

@online{jvv.quaternions.2013,
  title = {Understanding Quaternions},
  author = {Jim Van Verth},
  year = {2013},
  url = {http://www.essentialmath.com/GDC2013/GDC13_quaternions_final.pdf}
}

@online{mathworks.quaternion-rotation.2016,
  title = {Quaternion Rotation},
  author = {mathworks},
  year = {2016 },
  url = {http://au.mathworks.com/help/aeroblks/quaternionrotation.html}
}

%****************************************************************
% 
%****************************************************************
